<?xml version="1.0" encoding="UTF-8"?><record xmlns="http://www.loc.gov/MARC21/slim" xmlns:cinclude="http://apache.org/cocoon/include/1.0" xmlns:zs="http://www.loc.gov/zing/srw/">
  <leader>01071cz  a2200277n  4500</leader>
  <controlfield tag="001">no2009072970</controlfield>
  <controlfield tag="003">DLC</controlfield>
  <controlfield tag="005">20111214075040.0</controlfield>
  <controlfield tag="008">090512n| acannaabn          |b aaa     c</controlfield>
  <datafield tag="010" ind1=" " ind2=" ">
    <subfield code="a">no2009072970</subfield>
  </datafield>
  <datafield tag="035" ind1=" " ind2=" ">
    <subfield code="a">(OCoLC)oca08106456</subfield>
  </datafield>
  <datafield tag="040" ind1=" " ind2=" ">
    <subfield code="a">CSt-HC</subfield>
    <subfield code="b">eng</subfield>
    <subfield code="c">CSt-HC</subfield>
    <subfield code="d">DLC</subfield>
    <subfield code="d">OU</subfield>
    <subfield code="d">DLC</subfield>
  </datafield>
  <datafield tag="046" ind1=" " ind2=" ">
    <subfield code="f">1890</subfield>
    <subfield code="g">1947</subfield>
  </datafield>
  <datafield tag="100" ind1="1" ind2=" ">
    <subfield code="a">Yatsiv, Yitsḥaḳ,</subfield>
    <subfield code="d">1890-1947</subfield>
  </datafield>
  <datafield tag="374" ind1=" " ind2=" ">
    <subfield code="a">Teacher</subfield>
    <subfield code="a">Journalist</subfield>
    <subfield code="a">Editor</subfield>
  </datafield>
  <datafield tag="375" ind1=" " ind2=" ">
    <subfield code="a">male</subfield>
  </datafield>
  <datafield tag="377" ind1=" " ind2=" ">
    <subfield code="a">heb</subfield>
  </datafield>
  <datafield tag="400" ind1="1" ind2=" ">
    <subfield code="a">Yatsiv, Y.</subfield>
    <subfield code="q">(Yitsḥaḳ),</subfield>
    <subfield code="d">1890-1947</subfield>
  </datafield>
  <datafield tag="400" ind1="1" ind2=" ">
    <subfield code="a">Yaziv, Yitsḥak,</subfield>
    <subfield code="d">1890-1947</subfield>
  </datafield>
  <datafield tag="400" ind1="1" ind2=" ">
    <subfield code="a">Yaẓiv, Y.,</subfield>
    <subfield code="d">1890-1947</subfield>
  </datafield>
  <datafield tag="400" ind1="1" ind2=" ">
    <subfield code="a">יציב, יצחק,</subfield>
    <subfield code="d">1890-1947</subfield>
  </datafield>
  <datafield tag="667" ind1=" " ind2=" ">
    <subfield code="a">Non-Latin script references not evaluated.</subfield>
  </datafield>
  <datafield tag="670" ind1=" " ind2=" ">
    <subfield code="a">Batyah Lishansḳi, 194-?:</subfield>
    <subfield code="b">p. 6 (Y. Yatsiv = י. יציב)</subfield>
  </datafield>
  <datafield tag="670" ind1=" " ind2=" ">
    <subfield code="a">OCLC, May 12, 2009</subfield>
    <subfield code="b">(hdg.: Yatsiv, Yitsḥaḳ; Yaziv, Yitsḥak, 1890-1947; usage: Yitsḥaḳ, Yatsiv)</subfield>
  </datafield>
  <datafield tag="670" ind1=" " ind2=" ">
    <subfield code="a">Union List of Israel, viewed May 12, 2009</subfield>
    <subfield code="b">(hdg.: Yatsiv, Yitsḥak, 1890-1947)</subfield>
  </datafield>
  <datafield tag="675" ind1=" " ind2=" ">
    <subfield code="a">Ency. Judaica, c1972:  v. 5, col. 458 (Y. Yaẓiv; teacher-journalist, first editor of Davar)</subfield>
  </datafield>
</record>